% Data utworzenia: 8.05.2018
% Źródło: https://www.sharelatex.com/learn/Bibliography_management_with_bibtex

@article{balibrea2003topological,
  title={Topological entropy of Devaney chaotic maps},
  author={Balibrea, Francisco and Snoha, L'ubom{\'\i}r},
  journal={Topology and its Applications},
  volume={133},
  number={3},
  pages={225--239},
  year={2003},
  publisher={Elsevier}
}

 @article{alseda1999entropy,
  title={Entropy and periodic points for transitive maps},
  author={Alseda, Ll and Kolyada, S and Llibre, J and Snoha, Lv},
  journal={Transactions of the American Mathematical Society},
  volume={351},
  number={4},
  pages={1551--1573},
  year={1999}
}


@book{kuratowski1977wstep,
  title={Wstęp do teorii mnogości i topologii},
  author={Kuratowski, K.},
  series={Biblioteka matematyczna},
  year={1977},
  publisher={Panst. Wyd. Nauk.}
}

